<record><leader>00000cas a2200000 a 4500</leader><controlfield tag="001">32525061</controlfield><controlfield tag="008">950523d19591965cauwr ne      0    0eng c</controlfield><datafield ind1=" " ind2=" " tag="010"><subfield code="a">sn 95061757 </subfield></datafield><datafield ind1=" " ind2=" " tag="040"><subfield code="a">CNK</subfield><subfield code="b">eng</subfield><subfield code="c">CNK</subfield><subfield code="d">OCLCQ</subfield><subfield code="d">CNK</subfield><subfield code="d">OCLCQ</subfield><subfield code="d">OCLCF</subfield><subfield code="d">OCLCO</subfield></datafield><datafield ind1="1" ind2=" " tag="029"><subfield code="a">AU@</subfield><subfield code="b">000011737953</subfield></datafield><datafield ind1=" " ind2=" " tag="042"><subfield code="a">pcc</subfield></datafield><datafield ind1=" " ind2=" " tag="043"><subfield code="a">n-us-ca</subfield></datafield><datafield ind1="0" ind2="0" tag="245"><subfield code="a">Marin news.</subfield></datafield><datafield ind1=" " ind2=" " tag="260"><subfield code="a">Sausalito, Calif. :</subfield><subfield code="b">John M. Harlan</subfield></datafield><datafield ind1=" " ind2=" " tag="300"><subfield code="a">v.</subfield></datafield><datafield ind1=" " ind2=" " tag="310"><subfield code="a">Weekly</subfield></datafield><datafield ind1="0" ind2=" " tag="362"><subfield code="a">Vol. 73, no. 51 (Jan. 3, 1959)-v. 80, no. 13 (Mar. 24, 1965).</subfield></datafield><datafield ind1=" " ind2=" " tag="530"><subfield code="a">Master negatives are available for duplication from:</subfield><subfield code="b">California Newspaper Microfilm Archive;</subfield><subfield code="c">positive copies may be purchased by the reel; for further information consult the CNMA at:</subfield><subfield code="u">http://cbsr.ucr.edu</subfield></datafield><datafield ind1=" " ind2="0" tag="651"><subfield code="a">Sausalito (Calif.)</subfield><subfield code="v">Newspapers.</subfield></datafield><datafield ind1=" " ind2="7" tag="655"><subfield code="a">Newspapers.</subfield><subfield code="2">fast</subfield><subfield code="0">(OCoLC)fst01423814</subfield></datafield><datafield ind1=" " ind2="7" tag="651"><subfield code="a">California</subfield><subfield code="z">Sausalito.</subfield><subfield code="2">fast</subfield><subfield code="0">(OCoLC)fst01214310</subfield></datafield><datafield ind1=" " ind2=" " tag="752"><subfield code="a">United States</subfield><subfield code="b">California</subfield><subfield code="c">Marin</subfield><subfield code="d">Sausalito.</subfield></datafield><datafield ind1="0" ind2="0" tag="780"><subfield code="t">Sausalito news</subfield><subfield code="w">(DLC)sn 95061756</subfield></datafield><datafield ind1="0" ind2="0" tag="785"><subfield code="t">Sausalito news (Sausalito, Calif. : 1965)</subfield><subfield code="w">(DLC)sn 98061724</subfield></datafield></record>